Automatically generated by Mendeley Desktop 1.19.8
Any changes to this file will be lost if it is regenerated by Mendeley.

BibTeX export options can be customized via Preferences -> BibTeX in Mendeley Desktop

@article{Aguilan2020,
abstract = {Proteomics data can be processed using simple speadsheet formula.},
author = {Aguilan, Jennifer T. and Kulej, Katarzyna and Sidoli, Simone},
doi = {10.1039/D0MO00087F},
issn = {2515-4184},
journal = {Molecular Omics},
number = {6},
pages = {573--582},
title = {{Guide for protein fold change and p -value calculation for non-experts in proteomics}},
url = {http://xlink.rsc.org/?DOI=D0MO00087F},
volume = {16},
year = {2020}
}
@article{Limentani2005a,
author = {Limentani, Giselle B. and Ringo, Moira C. and Ye, Feng and Bergquist, Mandy L. and MCSorley, Ellen O.},
doi = {10.1021/ac053390m},
issn = {0003-2700},
journal = {Analytical Chemistry},
month = {jun},
number = {11},
pages = {221 A--226 A},
title = {{Beyond the t-Test: Statistical Equivalence Testing}},
url = {https://pubs.acs.org/doi/10.1021/ac053390m},
volume = {77},
year = {2005}
}
